 @misc{ wiki:1,
   author = "Wikipedia",
   title = "Emoji --- Wikipedia{,} The Free Encyclopedia",
   year = "2015",
   url = "\url{http://en.wikipedia.org/w/index.php?title=Emoji&oldid=666338354}",
   note = "[Online; accessed 11-June-2015]"
 }

@misc{ emoji:1,
   author = "Unicode Consortium",
   title = "Unicode Emoji",
   year = "2015",
   url = "\url{http://unicode.org/emoji/}",
   note = "[Online; accessed 11-June-2015]"
}

@misc{ emoji:2,
   author = "Thomas Dimson",
   title = "Emojineering Part 1: Machine Learning for Emoji Trends",
   year = "2015",
   url = "\url{http://instagram-engineering.tumblr.com/post/117889701472/emojineering-part-1-machine-learning-for-emoji}",
   note = "[Online; accessed 11-June-2015]"
}

@misc{ bs,
   author = "Beautiful Soup",
   title = "Beautiful Soup",
   year = "2015",
   url = "\url{http://www.crummy.com/software/BeautifulSoup/}",
   note = "[Online; accessed 11-June-2015]"
}

@misc{ wh,
   author = "Whoosh",
   title = "Whoosh",
   year = "2015",
   url = "\url{https://pythonhosted.org/Whoosh/index.html}",
   note = "[Online; accessed 11-June-2015]"
}

@misc{ fl,
   author = "Flask",
   title = "Flask",
   year = "2015",
   url = "\url{http://flask.pocoo.org/}",
   note = "[Online; accessed 11-June-2015]"
}

@misc{ boot,
   author = "Bootstrap",
   title = "Bootstrap",
   year = "2015",
   url = "\url{http://getbootstrap.com/}",
   note = "[Online; accessed 11-June-2015]"
}